<record><leader>00000cas a22000007a 4500</leader><controlfield tag="001">21682980</controlfield><controlfield tag="008">900604d18731926mouwr ne      0    0eng d</controlfield><datafield ind1=" " ind2=" " tag="010"><subfield code="a">sn 90061759 </subfield></datafield><datafield ind1=" " ind2=" " tag="040"><subfield code="a">MQN</subfield><subfield code="b">eng</subfield><subfield code="c">MQN</subfield><subfield code="d">CNK</subfield><subfield code="d">OCLCQ</subfield><subfield code="d">OCLCF</subfield><subfield code="d">OCLCO</subfield></datafield><datafield ind1=" " ind2=" " tag="019"><subfield code="a">15243351</subfield></datafield><datafield ind1="1" ind2=" " tag="029"><subfield code="a">AU@</subfield><subfield code="b">000025855391</subfield></datafield><datafield ind1=" " ind2=" " tag="042"><subfield code="a">msc</subfield></datafield><datafield ind1=" " ind2=" " tag="043"><subfield code="a">n-us-mo</subfield></datafield><datafield ind1="0" ind2="0" tag="245"><subfield code="a">Unionville Republican.</subfield></datafield><datafield ind1=" " ind2=" " tag="260"><subfield code="a">Unionville, Mo. :</subfield><subfield code="b">O'Bryant, Haunsom &amp; Co.,</subfield><subfield code="c">1873-1926.</subfield></datafield><datafield ind1=" " ind2=" " tag="300"><subfield code="a">v.</subfield></datafield><datafield ind1=" " ind2=" " tag="310"><subfield code="a">Weekly</subfield></datafield><datafield ind1="0" ind2=" " tag="362"><subfield code="a">Vol. 8, no. 31 (May 22, 1873)-v. 60, no. 35 (Mar. 24, 1926).</subfield></datafield><datafield ind1=" " ind2="0" tag="651"><subfield code="a">Unionville (Mo.)</subfield><subfield code="v">Newspapers.</subfield></datafield><datafield ind1=" " ind2="0" tag="651"><subfield code="a">Putnam County (Mo.)</subfield><subfield code="v">Newspapers.</subfield></datafield><datafield ind1=" " ind2="7" tag="655"><subfield code="a">Newspapers.</subfield><subfield code="2">fast</subfield><subfield code="0">(OCoLC)fst01423814</subfield></datafield><datafield ind1=" " ind2="7" tag="651"><subfield code="a">Missouri</subfield><subfield code="z">Putnam County.</subfield><subfield code="2">fast</subfield><subfield code="0">(OCoLC)fst01232780</subfield></datafield><datafield ind1=" " ind2="7" tag="651"><subfield code="a">Missouri</subfield><subfield code="z">Unionville.</subfield><subfield code="2">fast</subfield><subfield code="0">(OCoLC)fst01220843</subfield></datafield><datafield ind1=" " ind2=" " tag="752"><subfield code="a">United States</subfield><subfield code="b">Missouri</subfield><subfield code="c">Putnam</subfield><subfield code="d">Unionville.</subfield></datafield><datafield ind1="0" ind2="0" tag="780"><subfield code="t">Unionville weekly Republican (Unionville, Mo. : 1865)</subfield><subfield code="w">(DLC)sn 85034178</subfield></datafield><datafield ind1="0" ind2="5" tag="780"><subfield code="t">Unionville pantagraph (Unionville, Mo. : Weekly)</subfield><subfield code="w">(DLC)sn 90061755</subfield></datafield><datafield ind1="0" ind2="7" tag="785"><subfield code="t">Putnam County journal</subfield><subfield code="w">(DLC)sn 90061758</subfield></datafield><datafield ind1="0" ind2="7" tag="785"><subfield code="t">Unionville Republican and Putnam County journal</subfield><subfield code="w">(DLC)sn 90061760</subfield></datafield></record>